@Book{ Pozrikidis,
author = {Pozrikidis, C.},
title = {Boundary integral and singularity methods for linearized viscous flow},
year = {1992},
Publisher = {Cambridge University Press},
address = {New York, USA},
}

@Book{ LeVeque_hyperbolic,
author = {LeVeque, R.J.},
title = {Numerical methods for conservation laws},
year = {1992},
Publisher = {Birkh\"auser},
address = {Basel, Switzerland},
}

@Book{ Barth_notes_computational,
author = {Barth, T.J. and Deconinck, H.},
title = {Lecture notes in computational science and engineering},
year = {1999},
Publisher = {Springer},
address = {Verlag Berline Heidelberg GmbH},
}

@Book{ Sethian_levelset,
author = {Sethian, J.A.},
title = {Level set method and fast marching method},
year = {1999},
Publisher = {Cambridge University Press},
address = {New York, USA},
}

@Book{numerical_recipes,
author = {Press, W. H. and Teukolsky, S. A. and Vetterling, W. T. and Flannery, B. P.},
title = {Numerical recipes: the art of scientific computing, Third Edition},
year = {2007},
Publisher = {Cambridge University Press},
address = {},
}

@Book{ Mewis_colloidal,
author = {Mewis, J. and Wagner, N.J.},
title = {Colloidal suspension rheology},
year = {2012},
Publisher = {Cambridge University Press},
address = {New York, USA},
}


%% ---- Classics ---- %%

@Article{ Chorin_1968,
author = {Chorin, A.J.},
title = {Numerical solution of the Navier-Stokes equations},
journal = {Math. Comput.},
volume = {22},
pages = {745--762},
year = {1968},
}

@Article{ Lax_1970,
author = {Lax, P.D.},
title = {Hyperbolic systems of conservation laws and the mathematical theory of shock waves},
journal = {SIAM Reg. Conf. Series, Lectures in Applied Math},
volume = {11},
pages = {1--47},
year = {1970},
}


%% ---- ArXive ---- %%

@Article{ Velmurugana_AX_2016,
author = {Velmurugana, G. and Kolahdouzb E.M. and Salac, D.},
title = {Level Set Jet Schemes for Stiff Advection Equations: The SemiJet Method},
journal = {ArXive},
volume = {1509.0283},
pages = {},
year = {2016},
}

@Article{ Loiseau_PRF_2016,
author = {Tammisola, O. and Loiseau, J.-C. and Brandt, L.},
title = {Effect of viscosity ratio on the self-sustained instabilities in planar immiscible jets},
journal = {Phys. Rev. Fluids},
volume = {2(3) 033903},
pages = {},
year = {2017},
}


%% ---- JCP ---- %%

@Article{Peskin,
author = {Peskin, C. S.},
title = {Flow patterns around heart valves: a numerical method},
journal = {J. of Comput. Phys.},
volume = {10},
pages = {252--271},
year = {1972},
}

@Article{ Zalesak_JCP_1979,
author = {Zalesak, S.T.},
title = {Fully multidimensional flux-corrected transport algorithms for fluids},
journal = {J. of Comput. Phys.},
volume = {31},
pages = {335--362},
year = {1979},
}

@Article{ Harten_JCP_1987,
author = {Harten, A. and Engquist, B. and Osher, S. and Chakravarthy, S.},
title = {Uniformly high order essentially non-oscillatory schemes, III},
journal = {J. of Comput. Phys.},
volume = {71},
pages = {231--303},
year = {1987},
}

@Article{ Schumann_JCP_1988,
author = {Schumann, U. and Sweet, R. A..},
title = {Fast Fourier transforms for direct solution of poisson's equation with staggered boundary conditions},
journal = {J. of Comput. Phys.},
volume = {75},
pages = {123--137},
year = {1988},
}

@Article{ Shu_JCP_1988,
author = {Shu, C.-W. and Osher, S.},
title = {Efficient implementation of essentially non-oscillatory shock-capturing schemes},
journal = {J. of Comput. Phys.},
volume = {77},
pages = {439--471},
year = {1988},
}

@Article{ Bell_JCP_1989,
author = {Bell, J.B. and Colella, P. and Glaz, H.M.},
title = {A second-order projection method for the incompressible Navier-Stokes equations},
journal = {J. of Comput. Phys.},
volume = {85},
pages = {257--283},
year = {1989},
}

@Article{ Brackbill_JCP_1992,
author = {Brackbill, J. and Kothe, D. and Zemach, C.},
title = {A continuum method for modeling surface tension},
journal = {J. of Comput. Phys.},
volume = {100},
pages = {335--354},
year = {1992},
}

@Article{ Mulder_JCP_1992,
author = {Mulder, W. and Osher, S. and Sethian, J.A.},
title = {Computing interface motion in compressible gas dynamcis},
journal = {J. of Comput. Phys.},
volume = {100},
pages = {209--228},
year = {1992},
}

@Article{ Sussman_JCP_1994,
author = {Sussman, M. and Smereka, P. and Osher, S.},
title = {A level set approach for computing solutions to incompressible two-phase flow},
journal = {J. of Comput. Phys.},
volume = {114},
pages = {146--159},
year = {1994},
}

@Article{ Liu_JCP_1994,
author = {Liu, X.-D. and Osher, S. and Chan, T.},
title = {Weighted essentially non-oscillatory schemes},
journal = {J. of Comput. Phys.},
volume = {115},
pages = {200--213},
year = {1994},
}

@Article{ Adalsteinsson_JCP_1995,
author = {Adalsteinsson, D. and Sethian, J.A.},
title = {A Fast Level Set Method for Propagating Interfaces},
journal = {J. of Comput. Phys.},
volume = {111(2)},
pages = {269--277},
year = {1995},
}

@Article{ Chen_JCP_1997,
author = {Chen, S. and Merriman, B. and Osher, S. and Smereka, P.},
title = {A simple level set method for solving Stefan problems},
journal = {J. of Comput. Phys.},
volume = {135},
pages = {8--29},
year = {1997},
}

@Article{ Adalsteinsson_JCP_1999,
author = {Adalsteinsson, D. and Sethian, J.A.},
title = {The fastconstruction of extension velocities in level set methods},
journal = {J. of Comput. Phys.},
volume = {148},
pages = {2--22},
year = {1999},
}

@Article{Strain_JCP_1999,
author = {Strain, J.},
title = {Semi-Lagrangian Methods for Level Set Equations},
journal = {J. of Comput. Phys.},
volume = {151(2)},
pages = {498--533},
year = {1999},
}

@Article{Strain_JCP_1999b,
author = {Strain, J.},
title = {Tree methods for moving interfaces},
journal = {J. of Comput. Phys.},
volume = {151},
pages = {616--648},
year = {1999},
}

@Article{ Fedkiw_JCP_1999,
author = {Fedkiw, R.P. and Aslam, T. and Merriman, B. and Osher, S.},
title = {A non-oscillatory Eulerian approach to interfaces in multimaterial flows (the Ghost Fluid Method)},
journal = {J. of Comput. Phys.},
volume = {152},
pages = {457--492},
year = {1999},
}

@Article{ Peng_JCP_1999,
author = {Peng, D. and Merriman, B. and Osher, S. and Zhao, H. and Kang, M.},
title = {A PDE-based fast local level set method},
journal = {J. of Comput. Phys.},
volume = {155},
pages = {410--438},
year = {1999},
}

@Article{ Liu_JCP_2000,
author = {Liu, X.-D. and Fedkiw, R.P. and Kang, M.},
title = {A boundary condition capturing method for Poisson's equation on irregular domains},
journal = {J. of Comput. Phys.},
volume = {160},
pages = {151--178},
year = {2000},
}

@Article{ Sussman_JCP_2000,
author = {Sussman, M. and Puckett, E.G.},
title = {A coupled level set and volume-of-fluid method for computing 3D and axisymmetric incompressible two-phase flows},
journal = {J. of Comput. Phys.},
volume = {162},
pages = {301--337},
year = {2000},
}

@Article{ Russo_JCP_2000,
author = {Russo, G. and Smereka, P.},
title = {A remark on computing distance functions},
journal = {J. of Comput. Phys.},
volume = {163},
pages = {51--67},
year = {2000},
}

@Article{ Enright_JCP_2002,
author = {Enright, D. and Fedkiw, R. and Ferziger, J. and Mitchell, I.},
title = {A Hybrid Particle Level Set Method for Improved Interface Capturing},
journal = {J. Comput. Phys.},
volume = {183},
pages = {83--116},
year = {2002},
}

@Article{ Renardy_JCP_2002,
author = {Renardy, Y. and Renardy, M.},
title = {Prost: A parabolic reconstruction of surface tension for the volume-of-fluid method},
journal = {J. Comput. Phys.},
volume = {183},
pages = {400--421},
year = {2002},
}

@Article{ Engquist_JCP_2005,
author = {Engquist, B. and Tornberg, A.-K. and Tsai, R.},
title = {Discretization of Dirac delta functions in level set methods},
journal = {J. Comput. Phys.},
volume = {207},
pages = {28--51},
year = {2005},
}

@Article{ Olsson_JCP_2005,
author = {Olsson, E. and Kreiss, G.},
title = {A conservative level set method for two phase flow},
journal = {J. Comput. Phys.},
volume = {210},
pages = {225--246},
year = {2005},
}

@Article{Uhlmann,
author = {Uhlmann, M.},
title = {A immersed boundary method with direct forcing for simulation of particulate flows},
journal = {J. Comput. Phys.},
volume = {209},
pages = {448--476},
year = {2005},
}

@Article{ Francois_JCP_2006,
author = {Francois, M.M. and Cummins, S.J. and Dendy, E.D. and Kothe, D.B. and Sicilian, J.M. and Williams, M.W.},
title = {A balanced force algorithm for continuous and sharp interfacial surface tension models within a volume tracking framework},
journal = {J. Comput. Phys.},
volume = {213},
pages = {141--173},
year = {2006},
}

@Article{ Marchandise_JCP_2007, 
author = {Marchandise, E. and Geuzaine, P. and Chevaugeon, N. and Remacle, J.-F.},
title = {A stabilized finite element method using a discontinuous level set approach for the computation of bubble dynamics},
journal = {J. Comput. Phys.},
volume = {225},
pages = {949--974},
year = {2007},
}

@Article{Min_JCP_2007, 
author = {Min, C. and Gibou, F.},
title = {A second order accurate level set method on non-graded adaptive cartesian grids},
journal = {J. Comput. Phys.},
volume = {225},
pages = {300--321},
year = {2007},
}

@Article{ Nourgaliev_JCP_2007, 
author = {Nourgaliev, R.R. and Theofanous, T.G.},
title = {High-fidelity interface tracking in compressible flows: unlimited anchored adaptive level set},
journal = {J. Comput. Phys.},
volume = {227},
pages = {836--866},
year = {2007},
}

@Article{ Galusinski_JCP_2008, 
author = {Galusinski, C. and Vigneaus, P.},
title = {On stability condition for bifluid flows with surface tension: Application to microfluidics},
journal = {J. Comp. Phys.},
volume = {227},
pages = {6140--6164},
year = {2008},
}

@Article{ Desjardins_JCP_2008, 
author = {Desjardins, O. and Moureau, V. and Pitsch, H.},
title = {An accurate conservative level set/ghost fluid method for simulating turbulent atomization},
journal = {J. Comp. Phys.},
volume = {227},
pages = {8395--8416},
year = {2008},
}

@Article{ Herrmann_JCP_2008,
author = {Herrmann, M.},
title = {A balanced force refined level set grid method for two-phase flows on unstructured flow solver grids},
journal = {J. Comp. Phys.},
volume = {227},
pages = {2674--2706},
year = {2008},
}

@Article{ Desjardins_JCP_2009, 
author = {Desjardins, O. and Pitsch, H.},
title = {A spectrally refined interface approach for simulating multiphase flows},
journal = {J. Comp. Phys.},
volume = {228},
pages = {1658--1677},
year = {2009},
}

@Article{ Popinet_JCP_2009, 
author = {Popinet, S.},
title = {An accurate adaptive solver for surface-tension-driven interfacial flows},
journal = {J. Comp. Phys.},
volume = {228},
pages = {5838--5866},
year = {2009},
}

@Article{ Coyajee_JCP_2009,
author = {Coyajee, E. and Boersma, B.J.},
title = {A second-order accurate immersed boundary method for fully resolved simulations of particle-laden flows},
journal = {J. Comp. Phys.},
volume = {231},
pages = {4469--4498},
year = {2009},
}

@Article{ Wim-Paul_JCP_2012,
author = {Breugem, W.-P.},
title = {Numerical simulation of drop impact on a liquid-liquid interface with a multiple marker front-capturing method},
journal = {J. Comp. Phys.},
volume = {228},
pages = {4444--4467},
year = {2012},
}

@Article{Brun_JCP_2012,
author = {Brun, E. and Guittet, A. and Gibou, F.},
title = {A local level-set method using a hash table data structure},
journal = {J. Comp. Phys.},
volume = {231},
pages = {2528--2536},
year = {2012},
}

@Article{ Dong_JCP_2012,
author = {Dong, S. and Shen, J.},
title = {A time-stepping scheme involving constant coefficient matrices for phase-field incompressible flows with large density ratios},
journal = {J. Comp. Phys.},
volume = {231},
pages = {5788--5804},
year = {2012},
}

@Article{ Kumar_JCP_2012,
author = {Kumar, A. and Graham, M.D.},
title = {Accelerated boundary integral method for multiphase flow in non-periodic geometries},
journal = {J. Comp. Phys.},
volume = {231},
pages = {6682--6713},
year = {2012},
}

@Article{ Owkes_JCP_2013, 
author = {Owkes, M. and Desjardins, O.},
title = {A discontinuous Galerkin conservative level set scheme for interface capturing in multiphase flows},
journal = {J. Comp. Phys.},
volume = {249},
pages = {275--302},
year = {2013},
}

@Article{ Aanjaneya_JCP_2013, 
author = {Aanjaneya, M. and Patkar, S. and Fedkiw, R.},
title = {A Monolithic Mass Tracking Formulation for Bubbles in Incompressible Flow},
journal = {J. Comp. Phys.},
volume = {247},
pages = {17--61},
year = {2013},
}

@Article{ Dodd_JCP_2014,
author = {Dodd, M.S. and Ferrante, A.},
title = {A fast pressure-correction method for incompressible two-fluid flows},
journal = {J. Comp. Phys.},
volume = {273},
pages = {416--434},
year = {2014},
}

@Article{ Sabelnikov_JCP_2014,
author = {Sabelnikov, V. and Ovsyannikov, A. Yu. and Gorokhovski, M.},
title = {Modified level set equation and its numerical assessment},
journal = {J. Comp. Phys.},
volume = {278},
pages = {1--30},
year = {2014},
}

@Article{ Luo&Hu_JCP_2015, 
author = {Luo, J. and Hu, X.Y. and Adams, N.A.},
title = {A conservative sharp interface method for incompressible multiphase flows},
journal = {J. Comp. Phys.},
volume = {284},
pages = {547--565},
year = {2015},
}


@Article{ Denner&Wachem_JCP_2015, 
author = {Denner, F. and Wachem, B.G.M. van},
title = {Numerical time-step restrictions as a result of capillary waves},
journal = {J. Comp. Phys.},
volume = {285},
pages = {24--40},
year = {2015},
}

@Article{ Luo_JCP_2015, 
author = {Luo, K. and Shao, C. and Yang, Y. and Fan, J.},
title = {An mass conserving level set method for detailed numerical simulation of liquid atomization},
journal = {J. Comp. Phys.},
volume = {298},
pages = {495--519},
year = {2015},
}

@Article{ Lalanne_JCP_2015, 
author = {Lalanne, B. and Villegas, L. R. and Tanguy, S. and Risso, F.},
title = {On the computation of viscous terms for incompressible two-phase flows with level set/ghost fluid method},
journal = {J. Comp. Phys.},
volume = {301},
pages = {289--307},
year = {2015},
}



%% ---- Comput. Phys. Comm.---- %%

@Article{ Salac_CPC_2016,
author = {Salac, D.},
title = {A general, mass-preserving Navier-Stokes projection method},
journal = {Comput. Phys. Comm.},
volume = {204},
pages = {97--106},
year = {2016},
}




%% ---- J. Sci. Comput. ---- %%

@Article{ Sussman_JSC_1997,
author = {Sussman, M. and Fatemi, E.},
title = {An efficient, interface-preserving level set redistancing algorithm and its application to interfacial incompressible fluid flow},
journal = {J. Sci. Comput.},
volume = {20},
pages = {1165--1191},
year = {1997},
}

@Article{ Kang_JSC_2000,
author = {Kang, M. and Fedkiw, R.P. and Liu, X.-D.},
title = {A boundary condition capturing method for multiphase incompressible flow},
journal = {J. Sci. Comput.},
volume = {15},
pages = {323--360},
year = {2000},
}

@Article{Nielsen_JSC_2006,
author = {Nielsen, M.B. and Museth, K.},
title = {Dynamic tubular grid: an efficient data structure and algorithms for high resolution level sets},
journal = {J. Sci. Comput.},
volume = {26},
pages = {261--299},
year = {2006},
}

@Article{duChene_JSC_2008,
author = {du Ch\'{e}n\'{e}, A. and Min, C. and Gibou, F.},
title = {Second-Order Accurate Computation of Curvatures in a Level Set Framework Using Novel High-Order Reinitialization Schemes},
journal = {J. Sci. Comput.},
volume = {35},
pages = {114--131},
year = {2008},
}


%% ---- SIAM J. Sci. Comput. ---- %%

@Article{ Chopp_JSC_2001,
author = {Chopp, D.L.},
title = {Some improvements of the fast marching method},
journal = {SIAM J. of Sci. Comput.},
volume = {23},
pages = {230--244},
year = {2001},
}



%% ---- Int. J. Numer. Method. Fluids ---- %%

@Article{ Pijl_IJNMF_2005,
author = {Pijl, S.P. van der and Segal, A. and Vuik, C. and Wesseling, P.},
title = {A mass conservering level set method for modeling of multi-phase flows},
journal = {Int. J. Numer. Method. Fluids},
volume = {47},
pages = {339--361},
year = {2005},
}



%% ---- Comput. Vis. Sci. ---- %%

@Article{ Pijl_CVS_2008,
author = {Pijl, S.P. van der and Segal, A. and Vuik, C. and Wesseling, P.},
title = {Computing three-dimensional two-phase flows with a mass-conserving level set method},
journal = {Comput. Vis. Sci.},
volume = {11},
pages = {221--235},
year = {2008},
}




%% ---- PRE ---- %%

@Article{ Melby_PRL_2007,
author = {Melby, P. and Prevost, A. and Egolf, D.A. and Urbach, J.S.},
title = {Depletion force in a bidisperse granular layer},
journal = {Phys. Rev. E.},
volume = {76, 051307},
pages = {1--5},
year = {2007},
}


%% ---- JFM ---- %%

@Article{ Dodd_JFM_2016,
author = {Dodd, M.S. and Ferrante, A.},
title = {On the interaction of Taylor length scale size droplets and isotropic turbulence},
journal = {J. of Fluid Mech.},
volume = {806},
pages = {356--412},
year = {2016},
}


%% ---- Phys. Fluids ---- %%

@Article{ Prosperetti_1981,
author = {Prosperetti, A.},
title = {Motion of two superposed viscous fluids},
journal = {Phys. Fluids},
volume = {24},
pages = {1217},
year = {1981},
}



%% ---- Ann. Rev. Fluid Mech. ---- %%

@Article{ Scardovelli_ARFM_1999,
author = {Scardovelli, R. and Zaleski, S.},
title = {Direct numerical simulation of free-surface and interfacial flow},
journal = {Ann. Rev. Fluid Mech.},
volume = {31},
pages = {567--603},
year = {1999},
}

@Article{ Popinet_ARFM_2018,
author = {Popinet, S.},
title = {Numerical models of surface tension},
journal = {Ann. Rev. Fluid Mech.},
volume = {50},
pages = {49--75},
year = {2018},
}


%% ---- Soft Matt. ---- %%

@Article{ Lailai_SM_2014,
author = {Zhu, L. and Rorai, C. and Dhrubaditya, M. and Brandt, L.},
title = {A microfluidic device to sort capsules by deformability: a numerical study},
journal = {Soft Matt.},
volume = {10},
pages = {7705--7711},
year = {2014},
}



%% ---- Others ---- %%

@Article{ Grace_1973,
author = {Grace, J. R.},
title = {Shapes and velocities of bubbles rising in infinite liquids},
journal = {Transactions of the Institution of Chemical Engineering},
volume = {51},
pages = {116--120},
year = {1973},
}

@Article{ Liu_MC_2003,
author = {Liu, X.-D. and Sideris, T. C.},
title = {Convergence of the ghost fluid method for elliptic equations with interfaces},
journal = {Math. Comput.},
volume = {72},
pages = {1731--1746},
year = {2003},
}

@Article{ Annaland_2005,
author = {Annaland, M. van Sint and Deen, N.G. and Kuipers, J.A.M.},
title = {Numerical simulation of gas bubbles behaviour using a three-dimensional volume of fluid method},
journal = {Chemical Engineering Science},
volume = {60},
pages = {2999--3011},
year = {2005},
}

@Article{ Tanguy_2005,
author = {Tanguy, S. and Berlemont, A.},
title = {Application of a level set method for simulations of droplet collisions},
journal = {Int. J. Multiph. Flow},
volume = {31},
pages = {1015--1035},
year = {2005},
}

@Article{ Worner_2012,
author = {W\"{o}rner, M.},
title = {Numerical modeling of multiphase flows in microfluidics and micro process engineering: a review of methods and applications},
journal = {Microfluid Nanofluid},
volume = {12},
pages = {841--886},
year = {2012},
}

@Article{ Shen_AS_2016,
author = {Shen, B. and Ricourvier, J. and Malloggi, F. and Tabeling, P.},
title = {Designing colloidal molecules with microfluidics},
journal = {Adv. Sci.},
volume = {1600012},
pages = {1--7},
year = {2016},
}

@Article{ Mehdi_2016,
author = {Ardekani, M. Niazi and Costa, P. and Breugem, W.-P. and Brandt, L.},
title = {Numerical study of the sedimentation of spheroidal particles},
journal = {Int. J. Multiph. Flow},
volume = {submitted},
pages = {},
year = {2016},
}



%% ---- Chemistry ---- %%

@Article{ Asakura_1958,
author = {Asakura, S. and Oosawa, F.},
title = {Interaction between particles suspended in solutions of macromolecules},
journal = {Journal of Polymer Science},
volume = {XXXIII},
pages = {183--192},
year = {1958},
}


%% ---- Materials ---- %%

@Article{ Xia_etal_AM2000,
author = {Xia, Y. and Gates, B. and Yin, Y. and Lu, Y.},
title = {Monodispersed colloidal spheres: old materials with new applications},
journal = {Adv. Mater.},
volume = {12},
pages = {693--713},
year = {2000},
}

@Article{ Velev_etal_AM2009,
author = {Velev, O.D. and Gupta, S.},
title = {Materials fabricated by micro- and nanoparticle assembly - the challenging path from science to engineering},
journal = {Adv. Mater.},
volume = {21},
pages = {1897--1905},
year = {2009},
}

@Article{ Li_etal_AC2011,
author = {Li, F. and Josephson, D.P. and Stein, A.},
title = {Colloidal assembly: the road from particles to colloidal molecules and crystals},
journal = {Angew. Chem. Int. Ed.},
volume = {50},
pages = {360--388},
year = {2011},
}

@Article{ Sacanna_etal_COCIS2011,
author = {Sacanna, S. and Pine, D.J.},
title = {Shape-anisotropic colloids: building blocks for complex assemblies},
journal = {Curr. Opin. Colloid Interface Sci.},
volume = {16},
pages = {96--105},
year = {2011},
}

@Article{ Yi_etal_CM2013,
author = {Yi, Gi-Ra and Pine, D.J. and Sacanna, S.},
title = {Recent progress on patchy colloids and their self-assembly},
journal = {J. Phys.: Condens. Matter},
volume = {25},
pages = {193101},
year = {2013},
}



%% ---- Tech Reports ---- %%

@TechReport{ Herrmann_FMM,
author = {Herrmann, M.},
title = {A domain decomposition parallelization of the fast marching method},
year = {2003},
group = {Annual Research Briefs},
institution = {Center for Turbulence Research, Stanford, CA},
number = {1},
}


%% ---- Thesis ---- %%

@phdthesis{Shen_thesis,
	author		= {Shen, B.},
	title		= {Transport and self-assembly of droplets in microfluidic devices},
	school		= {Physics. Universit\'{e} Pierre et Marie Curie - Paris VI},
	address	    = {},
	year		= {2014},
	month		= {},
	keywords	= {},
	note		= {English. MNT: 2014PA066499. Tel-01127629},
}


%% ---- Misc ---- %%

@misc{Pedro_CaNS,
  author = {Costa, P. S.},
  title = {CaNS (Canonical Navier-Stokes)},
  howpublished = {\url{https://github.com/p-costa/CaNS}},
  year = {2017},
  note = {Accessed: 2017-10-11}
}



%%%%%%%%%%%%%%%%%%%%%%%%%%%%%%%%%%%%%%%%%%%%%%%%
%%%%%%%%%%%%%%%%%%%%%%%%%%%%%%%%%%%%%%%%%%%%%%%%
%%%%%%%%%%%%%%%%%%%%%%%%%%%%%%%%%%%%%%%%%%%%%%%%
%%%%%%%%%%%%%%%%%%%%%%%%%%%%%%%%%%%%%%%%%%%%%%%%
%%%%%%%%%%%%%%%%%%%%%%%%%%%%%%%%%%%%%%%%%%%%%%%%
%%%%%%%%%%%%%%%%%%%%%%%%%%%%%%%%%%%%%%%%%%%%%%%%
%%%%%%%%%%%%%%%%%%%%%%%%%%%%%%%%%%%%%%%%%%%%%%%%
%%%%%%%%%%%%%%%%%%%%%%%%%%%%%%%%%%%%%%%%%%%%%%%%
%%%%%%%%%%%%%%%%%%%%%%%%%%%%%%%%%%%%%%%%%%%%%%%%










@InProceedings{cite:0,
 author = {{Richard} {Stallman}},
 title = {Towards the Exploration of {a}* Search},
 booktitle = {{Proceedings} of {SIGMETRICS}},
 Month = apr,
 Year = 1996}

@InProceedings{cite:1,
 author = {Mickey Mouse and {J}. {Dongarra}},
 title = {An Evaluation of Checksums Using {Baaing}},
 booktitle = {{Proceedings} of the {Symposium} on Pervasive, Encrypted Theory},
 Month = oct,
 Year = 2002}

@Article{cite:2,
 author = {{O}. {Sasaki}},
 title = {Developing Forward-Error Correction and Telephony},
 journal = {{Journal} of Certifiable Symmetries},
 Month = jan,
 Year = 1993,
 Volume = 4,
 Pages = {1--14}}

@Article{cite:3,
 author = {{H}. {Jones}},
 title = { Replicated Configurations},
 journal = {{Journal} of Amphibious, Cacheable Theory},
 Month = may,
 Year = 2004,
 Volume = 6,
 Pages = {151--196}}

@Article{cite:4,
 author = {{E}. {White}},
 title = {Towards the Analysis of {RPCs}},
 journal = {{Journal} of Optimal, Omniscient Information},
 Month = jan,
 Year = 1986,
 Volume = 87,
 Pages = {78--99}}

@InProceedings{cite:5,
 author = {{Raj} {Reddy} and {Leonard} {Adleman} and {Edward} {Feigenbaum}},
 title = {Synthesizing Information Retrieval Systems Using Cooperative Theory},
 booktitle = {{Proceedings} of {SOSP}},
 Month = jun,
 Year = 1993}

@InProceedings{cite:6,
 author = {{S}. {Zhou} and {V}. {Suryanarayanan}},
 title = {Decoupling the {Ethernet} from the Lookaside Buffer in {I/O} Automata},
 booktitle = {{Proceedings} of the {Workshop} on {Bayesian}, Scalable Modalities},
 Month = aug,
 Year = 2005}

@InProceedings{cite:7,
 author = {{Leslie} {Lamport} and {Richard} {Hamming}},
 title = {The Relationship Between Local-Area Networks and Extreme Programming},
 booktitle = {{Proceedings} of {SIGGRAPH}},
 Month = mar,
 Year = 2002}

@InProceedings{cite:8,
 author = {{B}. {Kumar}},
 title = {An Exploration of {Internet} {QoS} Using {MilkyGasket}},
 booktitle = {{Proceedings} of the {USENIX} {Technical} {Conference}},
 Month = jan,
 Year = 2001}

@InProceedings{cite:9,
 author = {{R}. {Williams} and {Kenneth} {Iverson}},
 title = {A Deployment of the {UNIVAC} Computer},
 booktitle = {{Proceedings} of {PODS}},
 Month = sep,
 Year = 2002}

@InProceedings{cite:10,
 author = {{F}. {Williams} and {a}. {Shastri}},
 title = {Pseudorandom Communication for Suffix Trees},
 booktitle = {{Proceedings} of {MOBICOM}},
 Month = nov,
 Year = 2005}

@InProceedings{cite:11,
 author = {Mickey Mouse and {B}. {M}. {Srikumar}},
 title = {Exploring Von {Neumann} Machines and Replication with {BinalMesel}},
 booktitle = {{Proceedings} of {SIGGRAPH}},
 Month = nov,
 Year = 2001}

@InProceedings{cite:12,
 author = {Mickey Mouse and {J.H}. {Wilkinson}},
 title = {A Synthesis of Public-Private Key Pairs Using {Defier}},
 booktitle = {{Proceedings} of the {Conference} on Read-Write, Symbiotic Epistemologies},
 Month = sep,
 Year = 1999}

@InProceedings{cite:13,
 author = {Mickey Mouse and {J}. {Dongarra} and {Z}. {Davis}},
 title = {On the Technical Unification of {DHTs} and Agents},
 booktitle = {{Proceedings} of {NOSSDAV}},
 Month = apr,
 Year = 2005}

@InProceedings{cite:14,
 author = {Mickey Mouse and {J}. {Dongarra} and {Juris} {Hartmanis} and {Scott} {Shenker}},
 title = {Read-Write, Extensible Models for Consistent Hashing},
 booktitle = {{Proceedings} of {OOPSLA}},
 Month = sep,
 Year = 2002}

@InProceedings{cite:15,
 author = {{C}. {I}. {Qian} and {G}. {Williams} and {V}. {Bhabha}},
 title = {{SCSI} Disks  Considered Harmful},
 booktitle = {{Proceedings} of the {Workshop} on Event-Driven, Ubiquitous Theory},
 Month = jan,
 Year = 2005}

@InProceedings{cite:16,
 author = {{E}. {Zheng} and {D}. {Jackson}},
 title = {{a}* Search  Considered Harmful},
 booktitle = {{Proceedings} of the {Conference} on Constant-Time, Peer-to-Peer Configurations},
 Month = mar,
 Year = 2005}

@InProceedings{cite:17,
 author = {{Fredrick} {P}. {Brooks}, {Jr}. and {O}. {Li} and {John} {Hopcroft} and {Ken} {Thompson}},
 title = {A Case for the Transistor},
 booktitle = {{Proceedings} of {PODC}},
 Month = apr,
 Year = 2004}

@InProceedings{cite:18,
 author = {{Fredrick} {P}. {Brooks}, {Jr}.},
 title = {A Case for the Producer-Consumer Problem},
 booktitle = {{Proceedings} of the {USENIX} {Technical} {Conference}},
 Month = may,
 Year = 1999}

@InProceedings{cite:19,
 author = {{Dennis} {Ritchie}},
 title = {Flexible, Psychoacoustic Communication for Checksums},
 booktitle = {{Proceedings} of the {Symposium} on Read-Write, Atomic Communication},
 Month = dec,
 Year = 1995}

@InProceedings{cite:20,
 author = {{Alan} {Turing} and {Y}. {Martin}},
 title = {On the Construction of {IPv4}},
 booktitle = {{Proceedings} of the {Symposium} on ``Fuzzy'', Optimal Algorithms},
 Month = feb,
 Year = 2005}

@Article{cite:21,
 author = {{Matt} {Welsh}},
 title = {{BonnazVerb}: Stable Epistemologies},
 journal = {{Journal} of Constant-Time, Decentralized Theory},
 Month = nov,
 Year = 2005,
 Volume = 657,
 Pages = {78--92}}

@InProceedings{cite:22,
 author = {{Q}. {Martin} and {I}. {Ito} and {a}. {Williams} and {John} {Backus} and {Charles} {Darwin} and {F}. {Ito} and {Adi} {Shamir} and {Hector} {Garcia-Molina}},
 title = {Decoupling Erasure Coding from the Location-Identity Split in {Lamport} Clocks},
 booktitle = {{Proceedings} of the {Conference} on Authenticated, Self-Learning, Stable Information},
 Month = oct,
 Year = 2003}

@InProceedings{cite:100,
 author = {{E}. {Shastri} and {Ole-Johan} {Dahl} and {a}. {Robinson} and {H}.  {Sato} and {O}. {Martin} and {K}. {Qian} and {Richard} {Hamming}},
 title = { A Methodology for the Private Unification of {Scheme} and the Producer- Consumer Problem},
 booktitle = {{Proceedings} of {SIGCOMM}},
 Month = aug,
 Year = 2004}

@Article{cite:1014,
 author = {{W}. {Harris} and {Albert} {Einstein} and {N}. {Martinez} and {Robert} {Tarjan} and {Richard} {Stallman} and {Marvin} {Minsky}},
 title = {Analyzing Reinforcement Learning and Multicast Systems Using {Cicely}},
 journal = {{Journal} of Heterogeneous, Embedded Archetypes},
 Month = jan,
 Year = 2004,
 Volume = 1,
 Pages = {84--100}}

@InProceedings{cite:1024,
 author = {{a}. {Robinson} and {O}. {Bose}},
 title = {Deconstructing {Voice-over-IP} Using {Shako}},
 booktitle = {{Proceedings} of {NDSS}},
 Month = feb,
 Year = 2001}

@InProceedings{cite:1027,
 author = {Donald Duck and {G}. {Watanabe} and {Venugopalan} {Ramasubramanian} and Donald Duck},
 title = {Compilers  Considered Harmful},
 booktitle = {{Proceedings} of the {Workshop} on Highly-Available, Virtual Epistemologies},
 Month = jul,
 Year = 2004}

@Article{cite:104,
 author = {{R}. {Agarwal} and {Maurice} {V}. {Wilkes} and {Van} {Jacobson} and {T}. {Raman}},
 title = {A Simulation of {IPv7}},
 journal = {{Journal} of Semantic, Random Information},
 Month = sep,
 Year = 2002,
 Volume = 82,
 Pages = {74--96}}

@Article{cite:102,
 author = {{Stephen} {Hawking}},
 title = {The Influence of Perfect Communication on Complexity Theory},
 journal = {{IEEE} {JSAC}},
 Month = jul,
 Year = 2002,
 Volume = 12,
 Pages = {20--24}}

@InProceedings{cite:1013,
 author = {{I}. {Bose} and {X}. {Y}. {Raman}},
 title = {Decoupling Information Retrieval Systems from {SCSI} Disks in Online Algorithms},
 booktitle = {{Proceedings} of the {Workshop} on {Data} {Mining} and {Knowledge} {Discovery}},
 Month = sep,
 Year = 2000}

@InProceedings{cite:1018,
 author = {{N}. {Thomas}},
 title = {Decoupling the {UNIVAC} Computer from Web Browsers in Wide-Area Networks},
 booktitle = {{Proceedings} of the {Workshop} on Linear-Time, Wearable Symmetries},
 Month = nov,
 Year = 2000}

@InProceedings{cite:1010,
 author = {{P}. {Nehru}},
 title = {Decoupling Interrupts from {DHTs} in the {Internet}},
 booktitle = {{Proceedings} of {JAIR}},
 Month = may,
 Year = 2004}

@InProceedings{cite:1023,
 author = {{Lakshminarayanan} {Subramanian} and {Deborah} {Estrin} and {a}.  {Watanabe}},
 title = {The Effect of Event-Driven Information on Machine Learning},
 booktitle = {{Proceedings} of {FOCS}},
 Month = feb,
 Year = 2003}

@InProceedings{cite:1020,
 author = {{R}. {Martin}},
 title = { Large-Scale, Replicated, Pervasive Archetypes},
 booktitle = {{Proceedings} of {NSDI}},
 Month = may,
 Year = 2002}

@Article{cite:1017,
 author = {{a}. {Moore}},
 title = {A Synthesis of {IPv7}},
 journal = {{Journal} of Ubiquitous Configurations},
 Month = jul,
 Year = 2001,
 Volume = 3,
 Pages = {77--87}}

@Article{cite:105,
 author = {{Charles} {Bachman} and {B}. {Ito}},
 title = {The Effect of Stable Theory on Hardware and Architecture},
 journal = {{IEEE} {JSAC}},
 Month = may,
 Year = 2000,
 Volume = 98,
 Pages = {54--69}}

@InProceedings{cite:1021,
 author = {{J}. {Dongarra} and {K}. {Williams} and {a}. {K}. {Taylor} and {Edward} {Feigenbaum} and {M}. {Garey}},
 title = {A Case for Multicast Solutions},
 booktitle = {{Proceedings} of {NOSSDAV}},
 Month = dec,
 Year = 1990}

@InProceedings{cite:1016,
 author = {{S}. {Taylor}},
 title = {Replicated Epistemologies for Linked Lists},
 booktitle = {{Proceedings} of the {Workshop} on Wearable, Cacheable Theory},
 Month = oct,
 Year = 2003}

@InProceedings{cite:1026,
 author = {{Raj} {Reddy} and {F}. {Martin} and {Q}. {F}. {Li} and {N}. {Watanabe} and {Christos} {Papadimitriou} and {F}. {Wang} and {K}. {Lee} and {Ron} {Rivest}},
 title = {The Relationship Between Multi-Processors and {XML} Using {Surety}},
 booktitle = {{Proceedings} of {POPL}},
 Month = feb,
 Year = 2005}

@InProceedings{cite:1025,
 author = {{D}. {Li} and {Richard} {Karp} and {Juris} {Hartmanis} and {Z}. {Garcia}},
 title = {Comparing Thin Clients and Digital-to-Analog Converters with {ApertTan}},
 booktitle = {{Proceedings} of the {Conference} on Wearable Theory},
 Month = oct,
 Year = 2005}

@InProceedings{cite:106,
 author = {{Michael} {O}. {Rabin} and {Q}. {Bose} and {B}. {Martin} and {Isaac} {Newton} and {J.H}. {Wilkinson} and {J}. {Dongarra}},
 title = {{Truss}: Deployment of {RAID}},
 booktitle = {{Proceedings} of {PLDI}},
 Month = jul,
 Year = 2005}

@InProceedings{cite:1019,
 author = {{a}. {Gupta} and {N}. {R}. {Wang}},
 title = {{Skeg}: A Methodology for the Unfortunate Unification of Compilers and the Producer-Consumer Problem},
 booktitle = {{Proceedings} of the {Symposium} on Linear-Time, Embedded Models},
 Month = jan,
 Year = 2000}

@InProceedings{cite:1012,
 author = {{John} {Kubiatowicz} and {N}. {Sun} and {Q}. {Wu} and {H}. {Williams}},
 title = {The Relationship Between {B-Trees} and the {World} {Wide} {Web}},
 booktitle = {{Proceedings} of {ASPLOS}},
 Month = may,
 Year = 2002}

@InProceedings{cite:1011,
 author = {{J.H}. {Wilkinson} and {L}. {G}. {Qian}},
 title = {Deconstructing the Partition Table with {CoyishAsh}},
 booktitle = {{Proceedings} of the {Symposium} on Distributed, Introspective Configurations},
 Month = mar,
 Year = 2001}

@InProceedings{cite:109,
 author = {{Henry} {Levy}},
 title = {A Study of the {Turing} Machine},
 booktitle = {{Proceedings} of the {Workshop} on Stable, Homogeneous Theory},
 Month = sep,
 Year = 2003}

@InProceedings{cite:101,
 author = {{Douglas} {Engelbart} and {H}. {Sun} and {E}. {Maruyama}},
 title = {Contrasting the Transistor and Spreadsheets},
 booktitle = {{Proceedings} of {SOSP}},
 Month = aug,
 Year = 1953}

@Article{cite:107,
 author = {{R}. {Milner}},
 title = {Permutable, Amphibious, Metamorphic Theory for Sensor Networks},
 journal = {{Journal} of Client-Server, Autonomous Information},
 Month = may,
 Year = 2002,
 Volume = 13,
 Pages = {20--24}}

@Techreport{cite:1022,
 author = {{N}. {Z}. {Wu} and {Alan} {Turing} and {P}. {Kumar} and {D}. {Robinson}},
 title = {An Understanding of Hash Tables},
 institution = {{Devry} {Technical} {Institute}},
 number = {41/49},
 Month = jul,
 Year = 1995}

@InProceedings{cite:1015,
 author = {{Q}. {Kobayashi} and {Y}. {Mohan} and {Niklaus} {Wirth}},
 title = {Probabilistic, Concurrent Technology for 4 Bit Architectures},
 booktitle = {{Proceedings} of {ASPLOS}},
 Month = dec,
 Year = 2004}

@Article{cite:108,
 author = {{F}. {Jackson}},
 title = {Improving Online Algorithms and Evolutionary Programming with {FERITY}},
 journal = {{Journal} of {Bayesian}, Introspective Models},
 Month = jan,
 Year = 2002,
 Volume = 3,
 Pages = {79--98}}

@InProceedings{cite:103,
 author = {{Ole-Johan} {Dahl}},
 title = { Visualization of {XML}},
 booktitle = {{Proceedings} of {SIGGRAPH}},
 Month = dec,
 Year = 2001}

@InProceedings{cite:2013,
 author = {{I}. {Moore}},
 title = {Decoupling {B-Trees} from Wide-Area Networks in Hierarchical Databases},
 booktitle = {{Proceedings} of {MICRO}},
 Month = jan,
 Year = 1967}

@InProceedings{cite:202,
 author = {{Butler} {Lampson}},
 title = {Stable, Empathic Algorithms for Link-Level Acknowledgements},
 booktitle = {{Proceedings} of {INFOCOM}},
 Month = nov,
 Year = 2001}

@InProceedings{cite:2026,
 author = {Mickey Mouse},
 title = {The Effect of Probabilistic Symmetries on Software Engineering},
 booktitle = {{Proceedings} of {OOPSLA}},
 Month = feb,
 Year = 2003}

@Techreport{cite:205,
 author = {{W}. {Robinson} and {U}. {Zheng} and {K}. {Gupta}},
 title = {Deconstructing Forward-Error Correction Using {Marron}},
 institution = {{Harvard} {University}},
 number = {86-67-587},
 Month = nov,
 Year = 2003}

@InProceedings{cite:207,
 author = {{Richard} {Karp} and {a}. {Gupta}},
 title = {Signed Epistemologies for {Moore's} {Law}},
 booktitle = {{Proceedings} of {ECOOP}},
 Month = apr,
 Year = 1999}

@InProceedings{cite:2018,
 author = {{Mark} {Gayson}},
 title = {{Goura}: Large-Scale Communication},
 booktitle = {{Proceedings} of the {WWW} {Conference}},
 Month = dec,
 Year = 2000}

@InProceedings{cite:2011,
 author = {{Edward} {Feigenbaum} and {L}. {Suzuki} and {Robin} {Milner} and {D}.  {Robinson} and Goofy G. Goof and {L}. {Raman}},
 title = {Improving Hash Tables and 802.11 Mesh Networks with {RAFF}},
 booktitle = {{Proceedings} of the {Workshop} on Relational, Client-Server Configurations},
 Month = jul,
 Year = 2001}

@InProceedings{cite:2027,
 author = {{C}. {Zhao} and {K}. {L}. {Jackson} and {V}. {H}. {Smith} and {Stephen} {Cook} and {Michael} {O}. {Rabin} and {G}. {Maruyama} and {Robert} {Tarjan} and {J}. {Johnson} and {Edgar} {Codd} and {D}. {Takahashi} and {R}. {Thompson} and {Marvin} {Minsky} and {E}. {Clarke}},
 title = {{Hilus}: Constant-Time, Secure Configurations},
 booktitle = {{Proceedings} of {SOSP}},
 Month = aug,
 Year = 2001}

@InProceedings{cite:2021,
 author = {{James} {Gray} and {James} {Gray}},
 title = {Contrasting Thin Clients and Congestion Control},
 booktitle = {{Proceedings} of {ECOOP}},
 Month = jul,
 Year = 2005}

@Article{cite:209,
 author = {{G}. {Sun} and {H}. {Takahashi}},
 title = {{Den}: A Methodology for the Compelling Unification of {SMPs} and Massive Multiplayer Online Role-Playing Games},
 journal = {{Journal} of Compact, Metamorphic Algorithms},
 Month = dec,
 Year = 1990,
 Volume = 18,
 Pages = {20--24}}

@InProceedings{cite:2025,
 author = {{C}. {Miller} and {William} {Kahan}},
 title = {Decoupling Interrupts from Interrupts in Web Browsers},
 booktitle = {{Proceedings} of the {Workshop} on Signed Models},
 Month = mar,
 Year = 2001}

@InProceedings{cite:2019,
 author = {{O}. {Harris}},
 title = {On the Structured Unification of Virtual Machines and {B-Trees}},
 booktitle = {{Proceedings} of the {Symposium} on Perfect, Introspective Methodologies},
 Month = dec,
 Year = 1998}

@Article{cite:2029,
 author = {{S}. {Abiteboul}},
 title = {An Emulation of Scatter/Gather {I/O} Using {\em {Vary}}},
 journal = {{Journal} of Amphibious, Self-Learning Configurations},
 Month = mar,
 Year = 1990,
 Volume = 43,
 Pages = {20--24}}

@InProceedings{cite:2020,
 author = {{Marvin} {Minsky}},
 title = {The Impact of Autonomous Archetypes on Artificial Intelligence},
 booktitle = {{Proceedings} of {SIGCOMM}},
 Month = jan,
 Year = 2005}

@Article{cite:2010,
 author = {Goofy G. Goof and {Mark} {Gayson} and {Isaac} {Newton} and {A.J}.  {Perlis}},
 title = {{Lout}: Essential Unification of Suffix Trees and Architecture},
 journal = {{Journal} of Introspective, Peer-to-Peer Symmetries},
 Month = aug,
 Year = 2003,
 Volume = 70,
 Pages = {20--24}}

@InProceedings{cite:2022,
 author = {{N}. {U}. {Takahashi}},
 title = {The Impact of Psychoacoustic Configurations on Cryptography},
 booktitle = {{Proceedings} of {ECOOP}},
 Month = may,
 Year = 2005}

@Techreport{cite:2014,
 author = {{Edgar} {Codd}},
 title = {Forward-Error Correction  Considered Harmful},
 institution = {{Microsoft} {Research}},
 number = {1215-123-186},
 Month = jul,
 Year = 1995}

@Article{cite:204,
 author = {{David} {Johnson}},
 title = { Exploration of {XML}},
 journal = {{Journal} of Interposable, Peer-to-Peer Modalities},
 Month = oct,
 Year = 1998,
 Volume = 86,
 Pages = {20--24}}

@InProceedings{cite:200,
 author = {{X}. {Thompson}},
 title = {``Fuzzy'' Configurations for Vacuum Tubes},
 booktitle = {{Proceedings} of the {Conference} on Semantic, Wearable Information},
 Month = sep,
 Year = 2003}

@InProceedings{cite:2017,
 author = {{a}. {Maruyama}},
 title = {The {World} {Wide} {Web} No Longer Considered Harmful},
 booktitle = {{Proceedings} of {MOBICOM}},
 Month = aug,
 Year = 1996}

@Article{cite:2023,
 author = {{H}. {Zheng}},
 title = {A Case for {Voice-over-IP}},
 journal = {{Journal} of Probabilistic, Real-Time Epistemologies},
 Month = mar,
 Year = 2002,
 Volume = 1,
 Pages = {42--56}}

@Article{cite:2016,
 author = {{H}. {Suzuki} and {Edward} {Feigenbaum} and {C}. {J}. {Thompson} and {R}. {Thomas} and {Juris} {Hartmanis} and {U}. {White}},
 title = {A Case for Context-Free Grammar},
 journal = {{NTT} {Technical} {Review}},
 Month = may,
 Year = 1999,
 Volume = 3,
 Pages = {72--93}}

@InProceedings{cite:206,
 author = {{N}. {Raman} and {U}. {Martin}},
 title = { Efficient, Efficient Methodologies},
 booktitle = {{Proceedings} of {MICRO}},
 Month = aug,
 Year = 1995}

@Article{cite:2015,
 author = {{V}. {White} and {M}. {Zhao} and {Deborah} {Estrin} and {E}. {Watanabe}},
 title = {Virtual Machines  Considered Harmful},
 journal = {{Journal} of Game-Theoretic Technology},
 Month = may,
 Year = 2003,
 Volume = 74,
 Pages = {1--11}}

@InProceedings{cite:208,
 author = {{T}. {Nehru} and {P}. {Martinez}},
 title = {Simulating E-Commerce and Write-Back Caches Using {Acetimeter}},
 booktitle = {{Proceedings} of the {Workshop} on Pervasive, Stable Algorithms},
 Month = feb,
 Year = 2005}

@InProceedings{cite:2024,
 author = {{Herbert} {Simon} and {Dana} {S}. {Scott} and {O}. {Moore}},
 title = {Web Browsers  Considered Harmful},
 booktitle = {{Proceedings} of the {Conference} on ``Fuzzy'', Perfect Models},
 Month = sep,
 Year = 2005}

@InProceedings{cite:201,
 author = {{J}. {Williams} and {J}. {Quinlan}},
 title = {Controlling the Memory Bus and Erasure Coding},
 booktitle = {{Proceedings} of {NSDI}},
 Month = aug,
 Year = 1995}

@Article{cite:2028,
 author = {{J}. {Ullman} and {F}. {Anderson} and {L}. {Miller}},
 title = {{Markov} Models  Considered Harmful},
 journal = {{Journal} of Knowledge-Based, Concurrent Modalities},
 Month = oct,
 Year = 2002,
 Volume = 43,
 Pages = {75--99}}

@Article{cite:203,
 author = {{Leslie} {Lamport} and {G}. {Garcia} and {C}. {a}. {Jayaraman} and {O}. {Li}},
 title = {Towards the Construction of {Scheme}},
 journal = {{Journal} of ``Fuzzy'', Decentralized Epistemologies},
 Month = may,
 Year = 2004,
 Volume = 60,
 Pages = {59--67}}

@Article{cite:2012,
 author = {{Raj} {Reddy}},
 title = {{SipyTopau}: Evaluation of the {Internet}},
 journal = {{IEEE} {JSAC}},
 Month = dec,
 Year = 2001,
 Volume = 42,
 Pages = {43--50}}
